<?xml version="1.0" encoding="UTF-8"?><record xmlns="http://www.loc.gov/MARC21/slim" xmlns:cinclude="http://apache.org/cocoon/include/1.0" xmlns:zs="http://www.loc.gov/zing/srw/">
  <leader>00385cz  a2200121n  4500</leader>
  <controlfield tag="001">n  87818063 </controlfield>
  <controlfield tag="003">DLC</controlfield>
  <controlfield tag="005">19870429155948.8</controlfield>
  <controlfield tag="008">870323n| acannaab|          |n aad |||  </controlfield>
  <datafield tag="010" ind1=" " ind2=" ">
    <subfield code="a">n  87818063 </subfield>
  </datafield>
  <datafield tag="040" ind1=" " ind2=" ">
    <subfield code="a">DLC</subfield>
    <subfield code="c">DLC</subfield>
    <subfield code="d">DLC</subfield>
  </datafield>
  <datafield tag="100" ind1="1" ind2="0">
    <subfield code="a">Tiemann, Philip W.</subfield>
  </datafield>
  <datafield tag="670" ind1=" " ind2=" ">
    <subfield code="a">nuc87-24794: His Analyzing instructional content, c1983</subfield>
    <subfield code="b">(hdg. on CaBVaU rept.: Tiemann, Philip W.; usage: Philip W. Tiemann)</subfield>
  </datafield>
</record>